
W altman, L., Y an, E., & V an Eck, N.J. (2011). A recursive field-normalized bibliometric performance indicator: An application to the field of library and information science. Scientometrics, 89(1), 301–314.

@article{waltman13,
 author = {Waltman, L. and Eck, N.},
 title = {Source Normalized Indicators of Citation Impact: An Overview of Different Approaches and an Empirical Comparison},
 journal = {Scientometrics},
 year = {2013},
 volume = {96},
 number = {3},
 pages = {699-716}
}

@article{leydesdorff13,
 author = {Leydesdorff, L. and Zhou, P. and Bornmann, L.},
 title = {How Can Journal Impact Factors be Normalized Across Fields of Science? An Assessment in Terms of Percentile Ranks and Fractional Counts},
 journal = {Journal of the American Society for Information Science and Technology},
 year = {2013},
 volume = {64},
 number = {1},
 pages = {96-107}
}

@article{opthof10,
 author = {Opthof, T. and Leydesdorff, L. },
 title = {Caveats for the Journal and Field Normalizations in The CWTS (``Leiden'') Evaluations of Research Performance},
 journal = {Journal of Informetrics},
 year = {2010},
 volume = {4},
 number = {3},
 pages = {423-430}
}

@article{raan10,
 author = {Raan, A. and Leeuwen, T. and Visser, M. and Van Eck, N. and Waltman, L.},
 title = {Rivals for the Crown: Reply to Opthof and Leydesdorff},
 journal = {Journal of Informetrics},
 year = {2010},
 volume = {4},
 number = {3},
 pages = {431-435}
}
author = {Van Raan, A. F., Van Leeuwen, T. N., Visser, M. S., Van Eck, N. J., & Waltman, L.},

@article{waltman11,
 author = {Waltman, L. and Eck, N. and Leeuwen, T. and Visser, M. and Raan, A.},
 title = {Towards a New Crown Indicator: Some Theoretical Considerations},
 journal = {Journal of Informetrics},
 year = {2011},
 volume = {5},
 number = {1},
 pages = {37-47}
}

@article{smolinsky16,
 author = {Smolinsky, L},
 title = {Expected Number of Citations and the Crown Indicator},
 journal = {Journal of Informetrics},
 year = {2016},
 volume = {10},
 number = {1},
 pages = {43-47}
}

@article{glanzel11,
 author = {Glänzel, W. and Schubert, A. and Thijs, B. and Debackere, K.},
 title = {A Priori vs. A Posteriori Normalisation of Citation Indicators. The Case of Journal Ranking},
 journal = {Scientometrics}, 
 year = {2011},
 volume = {87},
 number = {2},
 pages = {415-424}
}

@inproceedings{delgado14,
  title={Analyzing the Coauthorship Networks of Latin American Computer Science Research Groups},
  author={Delgado-Garcia, Juan and Laender, Alberto and Meira, Jr., Wagner},
  booktitle={Proceedings of the 9th Latin American Web Congress},
  year={2014}
}
author={Delgado-Garcia, Juan F. and Laender, Alberto H.F. and Meira Jr., Wagner},

@phdthesis{ribas17,
 author = {Sabir Ribas},
 title = {Random Walks on the Reputation Graph},
 type = {{Ph.D. T}hesis},
 school = {Federal University of Minas Gerais},
 address = {Brazil},
 year = {2017},
}

@article{capes17,
 author = {Philippe Navaux and Edson Cáceres and Avelino Zorzo},
 title = {Documento de Área da {C}iência da {C}omputação},
 journal = {Foundation for the Coordination and Improvement of Higher Level or Education Personnel (CAPES)},
 year = {2017},
}
author = {Philippe Olivier Alexandre Navaux and Edson Norberto Cáceres and Avelino Francisco Zorzo},
 
@article{capes09,
 author = {Souza e Silva, Edmundo and José Maldonado},
 title = {Documento de Área da {C}iência da {C}omputação},
 journal = {Foundation for the Coordination and Improvement of Higher Level or Education Personnel (CAPES)},
 year = {2009},
}

@inproceedings{Yan:2007,
 author = {Yan, S. and Lee, D.},
 title = {Toward Alternative Measures for Ranking Venues: {A} Case of Database Research Community},
 booktitle = {Proceedings of the 7th ACM/IEEE-CS Joint Conference on Digital Libraries},
 year = {2007},
 pages = {235-244},
 numpages = {10},
}

@inproceedings{Silva14,
 author = {Silva, Thiago and Moro, Mirella and Silva, Ana and Meira,Jr., Wagner and Laender, Alberto},
 title = {Community-based Endogamy As an Influence Indicator},
 booktitle = {Proceedings of the 14th ACM/IEEE-CS Joint Conference on Digital Libraries},
 year = {2014},
 pages = {67-76},
}
 author = {Silva, Thiago H. P. and Moro, Mirella M. and Silva, Ana Paula C. and Meira,Jr., 
 location = {London, United Kingdom},
 series = {JCDL '14}, 
 booktitle = {Proceedings of the 14th ACM/IEEE-CS Joint Conference on Digital Libraries},
 isbn = {978-1-4799-5569-5},
 url = {http://dl.acm.org/citation.cfm?id=2740769.2740782},
 acmid = {2740782},
 numpages = {10},
 publisher = {IEEE Press},
 address = {Piscataway, NJ, USA},
 keywords = {bibliometric indicators, research performance},

@Article{wainer09,
  author="Wainer, Jacques
  and Xavier, Eduardo C.
  and Bezerra, Fabio",
  title="Scientific Production in Computer Science: {A} Comparative Study of {B}razil and Other Countries",
  journal="Scientometrics",
  year="2009",
  volume="81",
  number="2",
  pages="535",
}
issn="1588-2861",
doi="10.1007/s11192-008-2156-y",
url="http://dx.doi.org/10.1007/s11192-008-2156-y"

@inproceedings{menezes09,
  author = {Menezes, Guilherme Vale and Ziviani, Nivio and Laender, Alberto and Almeida, Virg\'{\i}lio},
  title = {A Geographical Analysis of Knowledge Production in Computer Science},
  booktitle = {Proceedings of the 18th International Conference on World Wide Web},
  year = {2009},
  pages = {1041-1050},
} 
FULL
inproceedings{menezes09,
  author = {Menezes, Guilherme Vale and Ziviani, Nivio and Laender, Alberto H.F. and Almeida, Virg\'{\i}lio},
  title = {A Geographical Analysis of Knowledge Production in Computer Science},
  booktitle = {Proceedings of the 18th International Conference on World Wide Web},
  series = {WWW '09},
  year = {2009},
  isbn = {978-1-60558-487-4},
  location = {Madrid, Spain},
  pages = {1041 - 1050},
  numpages = {10},
  url = {http://doi.acm.org/10.1145/1526709.1526849},
  doi = {10.1145/1526709.1526849},
  acmid = {1526849},
  publisher = {ACM},
  address = {New York, NY, USA},
  keywords = {coauthorship networks, collaboration social networks, computer science}
} 

@article{bollen2005toward,
  title={Toward Alternative Metrics of Journal Impact: {A} Comparison of Download and Citation Data},
  author={J. Bollen and H. van de Sompel and J. Smith and R. Luce},
  journal={Information Processing \& Management},
  volume={41},
  number={6},
  pages={1419-1440},
  year={2005},
}

---

@article{brin98,
  author    = {Sergey Brin and
               Lawrence Page},
  title     = {The Anatomy of a Large-Scale Hypertextual Web Search Engine},
  journal   = {Computer Networks and ISDN Systems},
  volume    = {30},
  number    = {1-7},
  year      = {1998},
  pages     = {107-117},
}

@article{leydesdorff2009new,
  title={How are New Citation-based Journal Indicators Adding to the Bibliometric Toolbox?},
  author={Leydesdorff, L.},
  journal={Journal of the Association for Information Science and Technology},
  volume={60},
  number={7},
  pages={1327-1336},
  year={2009},
}

@inproceedings{sun2007popularity,
 author = {Sun, Y. and Giles, C. },
 title = {Popularity Weighted Ranking for Academic Digital Libraries},
 booktitle = {Proceedings of the 29th European Conference on IR Research},
 year = {2007},
 pages = {605-612},
} 
inproceedings{sun2007popularity,
 author = {Sun, Yang and Giles, C. Lee},
 title = {Popularity Weighted Ranking for Academic Digital Libraries},
 booktitle = {Proceedings of the 29th European Conference on IR Research},
 series = {ECIR'07},
 year = {2007},
 isbn = {978-3-540-71494-1},
 location = {Rome, Italy},
 pages = {605-612},
 numpages = {8},
 url = {http://dl.acm.org/citation.cfm?id=1763653.1763726},
 acmid = {1763726},
 publisher = {Springer-Verlag},
 address = {Berlin, Heidelberg},
 keywords = {citation analysis, digital library, weighted ranking},
}

@article{yan2011p,
  title={P-Rank: {A}n Indicator Measuring Prestige in Heterogeneous Scholarly Networks},
  author={Yan, E. and Ding, Y. and Sugimoto, C.},
  journal={Journal of the Association for Information Science and Technology},
  volume={62},
  number={3},
  pages={467-477},
  year={2011},
}

@article{ding2011,
  author    = {Y. Ding and
               B. Cronin},
  title     = {Popular and/or Prestigious? {M}easures of Scholarly Esteem},
  journal   = {Information Processing \& Management},
  volume    = {47},
  number    = {1},
  pages     = {80-96},
  year      = {2011},
}

@inproceedings{castillo2007estimating,
  title={Estimating Number of Citations Using Author Reputation},
  author={Castillo, C. and Donato, D. and Gionis, A.},
  booktitle={Proceedings of the 14th International Conference on String Processing and Information Retrieval},
  pages={107-117},
  year={2007},
}
author={Castillo, Carlos and Donato, Debora and Gionis, Aristides},
               
@inproceedings{martins2009, 
  author    = {W.Martins and
               M.  Gon\c{c}alves and
               A. Laender and
               G. Pappa},
  title     = {Learning to Assess the Quality of Scientific Conferences: {A} Case Study in Computer Science},
  booktitle = {Proceedings of the 9th International ACM/IEEE-CS Joint Conference on Digital Libraries},
  year      = {2009},
  pages     = {193-202},
}

@article{wu2009detecting,
  author    = {H. Wu and
               Y. Pei and
               J. Yu},
  title     = {Detecting Academic Experts by Topic-sensitive Link Analysis},
  journal   = {Frontiers of Computer Science in China},
  volume    = {3},
  number    = {4},
  pages     = {445-456},
  year      = {2009},
}

@inproceedings{gollapalli2011ranking,
  title={Ranking Authors in Digital Libraries},
  author={Gollapalli, S. and Mitra, P. and Giles, C.},
  booktitle={Proceedings of the 11th International ACM/IEEE-CS Joint Conference on Digital Libraries},
  pages={251-254},
  year={2011},
}
  author={Gollapalli, Sujatha Das and Mitra, Prasenjit and Giles, C Lee},
  booktitle={Proc. of JCDL},
  booktitle={Proceedings of Joint Conference on Digital Libraries},
  
@inproceedings{deng2012modeling,
  title={Modeling and Exploiting Heterogeneous Bibliographic Networks for Expertise Ranking},
  author={Deng, H. and Han, J. and Lyu, M. and King, I.},
  booktitle = {Proceedings of the 12th ACM/IEEE-CS Joint Conference on Digital Libraries},
  pages={71-80},
  year={2012},
}
author={Deng, Hongbo and Han, Jiawei and Lyu, Michael R and King, Irwin},
booktitle = {Proceedings of the 12th Joint Conference on Digital Libraries},
booktitle={Proc. of JCDL},
booktitle={Proceedings. of JCDL},
series = {JCDL '12}

@inproceedings{cormode2014people,
  title={People Like Us: {M}ining Scholarly Data for Comparable Researchers},
  author={Cormode, G. and Muthukrishnan, S. and Yan, J.},
  booktitle= {Proceedings of the 23rd International Conference on World Wide Web},
  pages={1227-1232},
  year={2014},
}
author={Cormode, Graham and Muthukrishnan, S and Yan, Jinyun},
  
@article{piwowar2013altmetrics,
  title={Altmetrics: {V}alue All Research Products},
  author={Piwowar, H.},
  journal={Nature},
  volume={493},
  number={7431},
  pages={159-159},
  year={2013},
}

@article{nelakuditi2011snap,
  title={Snap Judgement of Publication Quality: {H}ow to Convince a Dean that You are a Good Researcher},
  author={Nelakuditi, S. and Gray, C. and Choudhury, R.},
  journal={Mobile Computing and Communications Review},
  volume={15},
  number={2},
  pages={20-23},
  year={2011},
}

@inproceedings{goncalves2014,
  author    = {G. Gon{\c{c}}alves and
               F. Figueiredo and
               J. Almeida and
               M. Gon{\c{c}}alves},
  title     = {Characterizing Scholar Popularity: {A} Case Study in the Computer
               Science Research Community},
  booktitle = {Proceedings of the 14th ACM/IEEE-CS Joint Conference on Digital Libraries},
  pages     = {57-66},
  year      = {2014},
}
booktitle = {Proceedings of Joint Conference on Digital Libraries},
booktitle = {Proc. of JCDL},
inproceedings{goncalves2014,
    author = {Gon\c{c}alves, Glauber D. and Figueiredo, Flavio and Almeida, Jussara M. and Gon\c{c}alves, Marcos A.},
    title = {Characterizing Scholar Popularity: A Case Study in the Computer Science Research Community},
    booktitle = {Proceedings of the 14th ACM/IEEE-CS Joint Conference on Digital Libraries},
    series = {JCDL '14},
    year = {2014},
    isbn = {978-1-4799-5569-5},
    location = {London, United Kingdom},
    pages = {57-66},
    numpages = {10},
    url = {http://dl.acm.org/citation.cfm?id=2740769.2740781},
    acmid = {2740781},
    publisher = {IEEE Press},
    address = {Piscataway, NJ, USA},
    keywords = {academic scholar features, citation analysis, scholar popularity dynamics},
}


@article{hirsch2005,
  author    = {J. Hirsch}, 
  title     = {An Index to Quantify an Individual's Scientific Research Output}, 
  journal   = {Proceedings of the National Academy of Sciences of the United States of America}, 
  year      = {2005},
  pages     = {16569-16572}, 
  volume = {102}, 
  number = {46}, 
}
journal   = {Proc. Nat. Acad. Sciences}, 
journal   = {Proc. of Nat. Acad. Sci}, 

@article{garfield1955,
  author    = {E. Garfield}, 
  title     = {Citation Indexes for Science}, 
  journal   = {Science}, 
  year      = {1955},
  pages     = {108-111}, 
  volume    = {122}, 
  number    = {3159}, 
}

@article{vandijk14,
    title = "Publication Metrics and Success on the Academic Job Market",
    journal = "Current Biology",
    volume = "24",
    number = "11",
    pages = "{R516-R517}",
    year = "2014",  
    author = "D. Dijk and O. Manor and L. Carey",
}
issn = "0960-9822",
doi = "http://dx.doi.org/10.1016/j.cub.2014.04.039",
url = "http://www.sciencedirect.com/science/article/pii/S0960982214004771",


@article{saha2003,
  author    = {S. Saha and S. Saint and D. Christakis}, 
  title     = {Impact Factor: {A} Valid Measure of Journal Quality?}, 
  journal   = {Journal of the Medical Library Association}, 
  year      = {2003},
  pages     = {42-46}, 
  volume    = {91}, 
  number    = {1}, 
}

@inproceedings{ribas2015bigscholar,
 author = {Ribas, S. and Ribeiro-Neto, B. and de Souza e Silva, E. and Ueda, A. and Ziviani, N.},
 title = {Using Reference Groups to Assess Academic Productivity in Computer Science},
 pages = {603-608},
 booktitle = {Proceedings of the 24th International Conference on World Wide Web},
 year = {2015},
} 
 title={Blinded for purpose of the paper review process},
 author={Blinded}


@techreport{mcl,
 author = {Dongen, Stijn},
 title = {A Cluster Algorithm for Graphs},
 year = {2000},
 institution = {Centre for Mathematics and Computer Science},
} 
 address = {Amsterdam, The Netherlands, The Netherlands}

@techreport{ueda17tech,
 title = {Reputation in Computer Science on a per Subarea Basis}, 
 author    = {A. Ueda and M. Dias and B. Ribeiro-Neto and E. de Souza e Silva and N. Ziviani},
 ear = {2017},
 institution = {Federal University of Minas Gerais, Department of Computer Science},
}
inproceedings{ueda17ictir,
  title     = {Reputation in Computer Science on a per Subarea Basis}, 
  author    = {A. Ueda and
  			   M. Dias and
               B. Ribeiro-Neto and 
               E. de Souza e Silva and 
               N. Ziviani}, 
  booktitle={ICTIR},
  pages={},
  year={2017},
  organization={Submitted}
}

@inproceedings{ueda17spire,
  title     = {Assessing the Reputation of {B}razilian Graduate Programs in Computer Science on a per Subarea Basis}, 
  author    = {A. Ueda and
  			   M. Dias and
               B. Ribeiro-Neto and 
               E. de Souza e Silva and 
               N. Ziviani}, 
  booktitle={SPIRE},
  pages={},
  year={2017},
  organization={Submitted}
}

@article{rahm2005citation,
  title={Citation Analysis of Database Publications},
  author={Rahm, E. and Thor, A.},
  journal={Sigmod Record},
  volume={34},
  number={4},
  pages={48-53},
  year={2005},
}

@inproceedings{page98pagerank,
  author = {Page, L. and Brin, S. and Motwani, R. and Winograd, T.},
  booktitle = {Proceedings of the 7th International World Wide Web Conference},
  pages = {161-172},
  title = {The PageRank Citation Ranking: {B}ringing Order to the Web},
  year = 1998
}

@inproceedings{lima2013jcdl,
  author    = {H. Lima and
               T. Silva and
               M. Moro and
               R. Santos and
               Meira, Jr., W. and
               A. Laender},
  title     = {Aggregating Productivity Indices for Ranking Researchers Across Multiple
               Areas},
  booktitle = {Proceedings of the 13th ACM/IEEE-CS Joint Conference on Digital Libraries},
  pages     = {97-106},
  year      = {2013},
}
booktitle = {Proceedings of Joint Conference on Digital Libraries},
author    = {Harlley Lima and
           Thiago H. P. Silva and
           Mirella M. Moro and
           Rodrygo L. T. Santos and
           Wagner Meira Jr. and
           Alberto H. F. Laender},
  
@inproceedings{larsen2006using,
  title={Using Citations for Ranking in Digital Libraries},
  author={Larsen, B. and Ingwersen, P.},
  booktitle={Proceedings of the 6th ACM/IEEE-CS Joint Conference on Digital Libraries},
  pages={370-370},
  year={2006},
}

@article{laender2008, 
  author    = {A. Laender and
               C. Lucena and
               J. Maldonado and
               E. de Souza e Silva and
               Nivio Ziviani},
  title     = {Assessing the Research and Education Quality of the Top {B}razilian Computer Science Graduate Programs},
  journal   = {SIGCSE Bulletin},
  volume    = {40},
  number    = {2},
  year      = {2008},
  pages     = {135-145},
}
author    = {Alberto H. F. Laender and
           Carlos Jos{\'e} Pereira de Lucena and
           Jos{\'e} Carlos Maldonado and
           Edmundo de Souza e Silva and
           Nivio Ziviani},


@article{egghe2006theory,
  title={Theory and Practise of the g-index},
  author={Egghe, L.},
  journal={Scientometrics},
  volume={69},
  number={1},
  pages={131-152},
  year={2006},
}

@book{walters00,
  title={An Introduction to Ergodic Theory},
  author={Walters, P.},
  series={Graduate Texts in Mathematics},
  year={2000},
  publisher={Springer-Verlag New York}
}
  isbn={9780387951522},
  lccn={81009319},

@article{lima15,
 author = {Lima, Harlley and Silva, Thiago and Moro, Mirella and Santos, Rodrygo L. and Meira,Jr, Wagner and Laender, Alberto },
 title = {Assessing the Profile of Top {B}razilian Computer Science Researchers},
 journal = {Scientometrics},
 volume = {103},
 number = {3},
 year = {2015},
 pages = {879-896},
 numpages = {18},
 publisher = {Springer-Verlag New York, Inc.},
 keywords = {Bibliometry, Research performance, Scientific production}
} 
issn = {0138-9130},
month = jun,
url = {http://dx.doi.org/10.1007/s11192-015-1569-7},
doi = {10.1007/s11192-015-1569-7},
acmid = {2780189},
address = {Secaucus, NJ, USA},
issue_date = {June 2015},

@Article{vardi17,
 author = {Vardi, Moshe Y.},
 title="Academic Rankings Considered Harmful!",
 journal = {Communications of the ACM},
 year = {2016},
 volume = {59},
 number = {9},
 pages = 5,
 publisher = {ACM},
 address = {New York, NY, USA}
} 
 issn = {0001-0782},
 issue_date = {September 2016},

@ARTICLE{brembs13,
  	AUTHOR={Brembs, Björn and Button, Katherine and Munafò, Marcus},   
	TITLE={Deep Impact: {U}nintended Consequences of Journal Rank},      		
	JOURNAL={Frontiers in Human Neuroscience},      		
	VOLUME={7},      	
	PAGES={291},     		
	YEAR={2013}
}	  
  ISSN={1662-5161},   
	URL={http://journal.frontiersin.org/article/10.3389/fnhum.2013.00291},       		
	DOI={10.3389/fnhum.2013.00291}     		

@article {kapeller10,
    author = {Kapeller, J.},
    title = {Citation Metrics: {S}erious Drawbacks, Perverse Incentives, and Strategic Options for Heterodox Economics},
    journal = {American Journal of Economics and Sociology},
    volume = {69},
    number = {5},
    pages = {1376-1408},
    year = {2010},
}
    publisher = {Blackwell Publishing Inc},
    issn = {1536-7150},
    url = {http://dx.doi.org/10.1111/j.1536-7150.2010.00750.x},
    doi = {10.1111/j.1536-7150.2010.00750.x},

@article {lee10,
    author = {Lee, F. and Grijalva, T. and Nowell, C.},
    title = {Ranking Economics Departments in a Contested Discipline: {A} Bibliometric Approach to Quality Equality Between Theoretically Distinct Subdisciplines},
    journal = {American Journal of Economics and Sociology},
    volume = {69},
    number = {5},
    pages = {1345-1375},
    year = {2010},
}
    publisher = {Blackwell Publishing Inc},
    issn = {1536-7150},
    url = {http://dx.doi.org/10.1111/j.1536-7150.2010.00749.x},
    doi = {10.1111/j.1536-7150.2010.00749.x},
    

@inproceedings{biryukov10,
     author = {Biryukov, M. and Dong, C.},
     title = {Analysis of Computer Science Communities Based on {DBLP}},
     booktitle = {Proceedings of the 14th European Conference on Research and Advanced Technology for Digital Libraries},
     year = {2010},
     pages = {228-235},
     numpages = {8},
     keywords = {author profiling, bibliographic databases, bibliometrics, scientific communities},
} 
     acmid = {1887792},
     isbn = {3-642-15463-8, 978-3-642-15463-8},
     location = {Glasgow, UK},
     series = {ECDL'10},
     author = {Biryukov, Maria and Dong, Cailing},
     publisher = {Springer-Verlag},
     address = {Berlin, Heidelberg},
     url = {http://dl.acm.org/citation.cfm?id=1887759.1887792}

﻿@article{penner13,
	title = {On the Predictability of Future Impact in Science},
	journal = {Scientific Reports},
	volume = {3},
	year = {2013},
	number = {3052},
	author = {Penner, O. and Pan, R. and Petersen, A. and Kaski, K. and Fortunato, S.}
}

@inproceedings{dong15,
 author = {Dong, Y. and Johnson, R. and Chawla, N.},
 title = {Will this Paper Increase Your h-index? {S}cientific Impact Prediction},
 booktitle = {Proceedings of the 8th ACM International Conference on Web Search and Data Mining},
 year = {2015},
 pages = {149-158},
 numpages = {10},
 keywords = {citation prediction, popularity prediction, science of science, scientific impact}
} 
 isbn = {978-1-4503-3317-7},
 location = {Shanghai, China},
 author = {Dong, Yuxiao and Johnson, Reid A. and Chawla, Nitesh V.},
 series = {WSDM '15},
 url = {http://doi.acm.org/10.1145/2684822.2685314},
 doi = {10.1145/2684822.2685314},
 acmid = {2685314},
 publisher = {ACM},
 address = {New York, NY, USA},

@article{mazloumian12,
    author = {Mazloumian, A.},
    journal = {PLOS ONE},
    publisher = {Public Library of Science},
    title = {Predicting Scholars' Scientific Impact},
    year = {2012},
    volume = {7},
    pages = {1-5},
    number = {11},
}
month = {11},
url = {http://dx.doi.org/10.1371%2Fjournal.pone.0049246},
doi = {10.1371/journal.pone.0049246}

@inproceedings{masoumeh16,
    author = {Nezhadbiglari, M. and Gon\c{c}alves, M. and Almeida, J.},
    title = {Early Prediction of Scholar Popularity},
    booktitle = {Proceedings of the 16th ACM/IEEE-CS on Joint Conference on Digital Libraries},
    year = {2016},
    pages = {181-190},
    numpages = {10},
} 
isbn = {978-1-4503-4229-2},
location = {Newark, New Jersey, USA},
series = {JCDL '16},
url = {http://doi.acm.org/10.1145/2910896.2910905},
doi = {10.1145/2910896.2910905},
acmid = {2910905},
publisher = {ACM},
address = {New York, NY, USA},
keywords = {academic scholar features, early trends, popularity prediction, scholar popularity}

@article{hoonlor13,
 author = {Hoonlor, A. and Szymanski, B. and Zaki, M.},
 title = {Trends in Computer Science Research},
 journal = {Communications of the ACM},
 volume = {56},
 number = {10},
 year = {2013},
 pages = {74-83},
 numpages = {10},
} 
 issn = {0001-0782},
 month = oct,
 issue_date = {October 2013},
 url = {http://doi.acm.org/10.1145/2500892},
 doi = {10.1145/2500892},
 acmid = {2500892},
 publisher = {ACM},
 address = {New York, NY, USA},
 author = {Hoonlor, Apirak and Szymanski, Boleslaw K. and Zaki, Mohammed J.}

@article{wainer13,
 author = {Wainer, J. and Eckmann, M. and Goldenstein, S. and Rocha, A.},
 title = {How Productivity and Impact Differ Across Computer Science Subareas},
 journal = {Communications of the ACM},
 volume = {56},
 number = {8},
 year = {2013},
 pages = {67-73},
 numpages = {7},
} 
issue_date = {August 2013},
month = aug,
issn = {0001-0782},
url = {http://doi.acm.org/10.1145/2492007.2492026},
doi = {10.1145/2492007.2492026},
acmid = {2492026},
publisher = {ACM},
address = {New York, NY, USA}

@ARTICLE{zscore,
title = {Lifting the Crown --- Citation z-score},
author = {Lundberg, Jonas},
year = {2007},
journal = {Journal of Informetrics},
volume = "1",
number = "2",
pages = "145-154",
}

@article{laendersigs15,  
    title={{How Connected are the ACM SIG Communities?}},  
    author={Benevenuto, F. and Laender, A. and Alves, B.},  
    journal={SIGMOD Record},  
    volume={44},  
    number={4},  
    pages = {57-63},
    year={2015}
}
FULLarticle{laendersigs15,  
 author = {Benevenuto, Fabricio and Laender, Alberto H.F. and Alves, Bruno L.},
 title = {How Connected Are the ACM SIG Communities?},
 journal = {SIGMOD Rec.},
 issue_date = {December 2015},
 volume = {44},
 number = {4},
 month = may,
 year = {2016},
 issn = {0163-5808},
 pages = {57-63},
 numpages = {7},
 url = {http://doi.acm.org/10.1145/2935694.2935708},
 doi = {10.1145/2935694.2935708},
 acmid = {2935708},
 publisher = {ACM},
 address = {New York, NY, USA},
} 

@inproceedings{alves,
 author = {Alves, Bruno and Benevenuto, Fabr\'{\i}cio and Laender, Alberto },
 title = {The Role of Research Leaders on the Evolution of Scientific Communities},
 booktitle = {Proceedings of the 22nd International Conference on World Wide Web},
 year = {2013},
 pages = {649-656}
} 

@inproceedings{ribas2015random,
  title={Random Walks on the Reputation Graph},
  author={Ribas, S. and Ribeiro-Neto, B. and Santos, R. and de Souza e Silva, E. and Ueda, A. and Ziviani, N.},
  booktitle={Proceedings of the 2015 International Conference on The Theory of Information Retrieval},
  year={2015},
  pages={181-190},
}
  booktitle={Proceedings of International Conference on The Theory of Information Retrieval},
  series = {ICTIR},
  title={Blinded for purpose of the paper review process},
  author={Blinded}, 
  organization={ACM}
  author={Ribas, Sabir and Ribeiro-Neto, Berthier and Santos, Rodrygo LT and de Souza e Silva, Edmundo and Ueda, Alberto and Ziviani, Nivio},

@article{balog2012ftir,
	year = 2012,
	volume = {6},
	number = {2-3},
	pages = {127-256},
	author = {K. Balog},
	title = {Expertise Retrieval},
	journal = {Foundations and Trends in Information Retrieval}
}
article{balog2012ftir,
	year = 2012,
	volume = {6},
	number = {2-3},
	pages = {127-256},
	author = {Krisztian Balog},
	title = {Expertise Retrieval},
	journal = {Foundations and Trends in Information Retrieval}
}

====================================
====================================

Not a perfect Command
grep cite[a-z0-9{\-]*\} -o dissertation.tex | sort | uniq > citations-min.txt 
